<?xml version="1.0" encoding="UTF-8"?><collection xmlns="http://www.loc.gov/MARC21/slim"><record><leader>00460nam--2200145-i-4500</leader><controlfield tag="001">000012760</controlfield><controlfield tag="002">20161230</controlfield><controlfield tag="005">20170226191056</controlfield><controlfield tag="008">060222s1000------------r-----000-0-eng-d</controlfield><datafield ind1=" " ind2=" " tag="100"><subfield code="a">Bossuet, Gerard</subfield></datafield><datafield ind1=" " ind2=" " tag="245"><subfield code="a">Etude d un modele algebrique permettan de donn er une representation directement materialisab le de l operateur table de verite</subfield><subfield code="b">these</subfield></datafield><datafield ind1=" " ind2=" " tag="260"><subfield code="a">Paris</subfield><subfield code="b">L'Universite</subfield><subfield code="c">1977</subfield></datafield><datafield ind1=" " ind2=" " tag="300"><subfield code="a">23 p</subfield></datafield><datafield ind1=" " ind2=" " tag="852"><subfield code="a">46320</subfield><subfield code="c">512</subfield></datafield><datafield ind1=" " ind2=" " tag="CAT"><subfield code="a">SYS</subfield><subfield code="c">20170226</subfield><subfield code="h">191056</subfield></datafield></record></collection>